@inproceedings{papadopoulosRealTimeSkeletonTrackingBasedHuman2014,
  title = {Real-{{Time Skeleton-Tracking-Based Human Action Recognition Using Kinect Data}}},
  booktitle = {{{MultiMedia Modeling}}},
  author = {Papadopoulos, Georgios Th. and Axenopoulos, Apostolos and Daras, Petros},
  editor = {Gurrin, Cathal and Hopfgartner, Frank and Hurst, Wolfgang and Johansen, H{\aa}vard and Lee, Hyowon and O'Connor, Noel},
  year = {2014},
  pages = {473--483},
  publisher = {{Springer International Publishing}},
  address = {{Cham}},
  doi = {10.1007/978-3-319-04114-8_40},
  isbn = {978-3-319-04114-8},
  langid = {english},
  keywords = {Action recognition,action representation,depth map,kinect,skeleton-tracking}
}

@article{rabinerTutorialHiddenMarkov1989,
  title = {A Tutorial on Hidden {{Markov}} Models and Selected Applications in Speech Recognition},
  author = {Rabiner, L.R.},
  year = {1989},
  month = feb,
  journal = {Proceedings of the IEEE},
  volume = {77},
  number = {2},
  pages = {257--286},
  issn = {1558-2256},
  doi = {10.1109/5.18626},
  urldate = {2024-03-16},
  keywords = {Hidden Markov models,Speech recognition,Tutorial},
  file = {../Documents/Main Vault/Zotero/storage/LB3VWFNW/Rabiner - 1989 - A Tutorial on Hidden Markov Models and Selected Ap.pdf;../Documents/Main Vault/Zotero/storage/PT7AQGC7/18626.html}
}

@article{dempsterMaximumLikelihoodIncomplete1977,
  title = {Maximum {{Likelihood}} from {{Incomplete Data Via}} the {{EM Algorithm}}},
  author = {Dempster, A. P. and Laird, N. M. and Rubin, D. B.},
  year = {1977},
  journal = {Journal of the Royal Statistical Society: Series B (Methodological)},
  volume = {39},
  number = {1},
  pages = {1--22},
  issn = {2517-6161},
  doi = {10.1111/j.2517-6161.1977.tb01600.x},
  urldate = {2024-03-15},
  copyright = {{\copyright} 1977 The Authors},
  langid = {english},
  keywords = {em algorithm,incomplete data,maximum likelihood,posterior mode},
  file = {../Documents/Main Vault/Zotero/storage/HB75Y5X4/Dempster et al. - 1977 - Maximum Likelihood from Incomplete Data via the EM.pdf;../Documents/Main Vault/Zotero/storage/998XY5F9/j.2517-6161.1977.tb01600.html}
}

@misc{akibaOptunaNextgenerationHyperparameter2019,
  title = {Optuna: {{A Next-generation Hyperparameter Optimization Framework}}},
  shorttitle = {Optuna},
  author = {Akiba, Takuya and Sano, Shotaro and Yanase, Toshihiko and Ohta, Takeru and Koyama, Masanori},
  year = {2019},
  month = jul,
  number = {arXiv:1907.10902},
  eprint = {1907.10902},
  primaryclass = {cs, stat},
  publisher = {arXiv},
  doi = {10.48550/arXiv.1907.10902},
  urldate = {2024-03-16},
  archiveprefix = {arxiv},
  keywords = {Computer Science - Machine Learning,Statistics - Machine Learning},
  file = {../Documents/Main Vault/Zotero/storage/JBUX5F2Q/Akiba et al. - 2019 - Optuna A Next-generation Hyperparameter Optimizat.pdf;../Documents/Main Vault/Zotero/storage/PMRMGRK6/1907.html}
}